% This file was created with JabRef 2.10b2.
% Encoding: UTF8


@Electronic{E:Cisco:EnrichProcessesIoE,
  Title                    = {Enriching Business Processes through the Internet of Everything},
  Author                   = {Anil Kalbag, Gerald Silverman},
  Language                 = {EN},
  Month                    = {Juli},
  Organization             = {Cisco Systems Inc.},
  Url                      = {http://www.cisco.com/c/en/us/solutions/collateral/enterprise/cisco-on-cisco/t-en-07142014-business-process-ioe.html},
  Year                     = {2014},

  Owner                    = {dani},
  Timestamp                = {2016.04.17}
}

@Electronic{E:Blog:InfoQ:WSO2_ExtendedCapForIOT,
  Title                    = {WSO2 Extends its Internet of Things Process Orchestration Capabilities},
  Author                   = {Kevin Farnham},
  Language                 = {EN},
  Month                    = {Dezember},
  Organization             = {InfoQ},
  Url                      = {http://www.infoq.com/news/2015/12/wso2-iot-process-orchestration},
  Year                     = {2015},

  Owner                    = {dani},
  Timestamp                = {2016.04.04}
}

@Electronic{E:SearchCIO:Def:BPM,
  Title                    = {business process management (BPM)},
  Author                   = {Margaret Rouse},
  Language                 = {EN},
  Organization             = {SearchCIO},
  Url                      = {http://searchcio.techtarget.com/definition/business-process-management},

  Owner                    = {dani},
  Timestamp                = {2016.05.13}
}

@Electronic{E:Oracle:IoT:BPMN,
  Title                    = {Internet of Things and Business Process Management â€“ IoT \& BPM},
  Author                   = {Phil Wang},
  Language                 = {EN},
  Month                    = {August},
  Organization             = {Oracle Corporation},
  Url                      = {https://blogs.oracle.com/acharyavivek/entry/internet_of_things_and_business},
  Year                     = {2015},

  Owner                    = {dani},
  Timestamp                = {2016.04.17}
}

@Electronic{E:EnterpriseIoT:BPM,
  Title                    = {IoT and Process Management},
  Language                 = {EN},
  Organization             = {Enterprise IoT},
  Url                      = {http://enterprise-iot.org/book/enterprise-iot/part-ii-igniteiot-methodology/igniteiot-solution-delivery/building-blocks/iot-technology-profiles/4-middleware/process_efficiency_and_automation/},

  Owner                    = {dani},
  Timestamp                = {2016.04.17}
}

@Electronic{E:Gartner:Def:BPM,
  Title                    = {Business process management (BPM)},
  Language                 = {EN},
  Organization             = {Gartner Inc.},
  Url                      = {http://www.gartner.com/it-glossary/business-process-management-bpm/},

  Owner                    = {dani},
  Timestamp                = {2016.05.13}
}

@Electronic{E:WhatIsBPM:Def:Lifecycle,
  Title                    = {BPM Get Started - Overview},

  Address                  = {What is BPM},
  Language                 = {EN},
  Url                      = {http://www.what-is-bpm.com/get_started/bpm_methodology.html},

  Owner                    = {dani},
  Timestamp                = {2016.05.13}
}

@Electronic{E:Gartner:BPM:IOT:2020,
  Title                    = {Gartner Says By 2020, More Than Half of Major New Business Processes and Systems Will Incorporate Some Element of the Internet of Things},
  Language                 = {EN},
  Month                    = {Januar},
  Organization             = {Gartner Inc.},
  Url                      = {http://www.gartner.com/newsroom/id/3185623},
  Year                     = {2016},

  Owner                    = {dani},
  Timestamp                = {2016.04.17}
}

@Electronic{E:BPM:Discussion:IOT,
  Title                    = {How Important Are Processes to the Internet of Things?},
  HowPublished             = {Forums Diskussion},
  Language                 = {EN},
  Month                    = {Februar},
  Url                      = {http://bpm.com/bpm-today/in-the-forum/how-important-are-processes-to-the-internet-of-things},
  Year                     = {2015},

  Owner                    = {dani},
  Timestamp                = {2016.04.17}
}

@Electronic{E:Gartner:BPM:2015,
  Title                    = {Gartner Says Spending on Business Process Management Suites to Reach $2.7 Billion in 2015 as Organizations Digitalize Processes},
  Language                 = {EN},
  Month                    = {Mai},
  Organization             = {Gartner Inc.},
  Url                      = {http://www.gartner.com/newsroom/id/3064717},
  Year                     = {2015},

  Owner                    = {dani},
  Timestamp                = {2016.04.17}
}

