% This file was created with JabRef 2.10b2.
% Encoding: UTF8


@Electronic{E:Intel:WhitePaper:DevelopingSolutionsIoT,
  Title                    = {Developing Solutions for the Internet of Things},
  Author                   = {Intel Corporation},
  Organization             = {Intel Corporation},
  Url                      = {http://www.intel.com/content/www/us/en/internet-of-things/white-papers/developing-solutions-for-iot.html},
  Year                     = {2014},

  Owner                    = {dani},
  Timestamp                = {2015.05.30}
}

@Electronic{E:RealTimeInnovations:UnderstandingIoTProtocols,
  Title                    = {Unterstanding the Internet of Things Protocols},
  Author                   = {Real-Time Innovations},
  Language                 = {EN},
  Month                    = {Mai},
  Organization             = {Real-Time Innovations (RTI)},
  Url                      = {http://de.slideshare.net/RealTimeInnovations/io-34485340},
  Year                     = {2014},

  Owner                    = {dani},
  Timestamp                = {2015.05.30}
}

@Electronic{E:Schneider:UnterstandingIoTProtocols,
  Title                    = {Understanding The Protocols Behind The Internet Of Things},
  Author                   = {Stan Schneider},
  HowPublished             = {Web},
  Language                 = {English},
  Month                    = {Oktober},
  Url                      = {http://electronicdesign.com/embedded/understanding-protocols-behind-internet-things},
  Year                     = {2013},

  Owner                    = {dani},
  Timestamp                = {2015.05.25}
}

@Book{B:IEEE:SWEBOOK,
  Title                    = {Software Engineering Body of Knowledge},
  Author                   = {IEEE Computer Society},
  Year                     = {2004},

  Owner                    = {dani},
  Timestamp                = {2015.06.06},
  Url                      = {http://www.computer.org/web/swebok/index}
}

@Electronic{ZHAW:2012:Seminararbeit:Reglemente,
  Title                    = {Reglement: Seminararbeit},
  Author                   = {Stern, Olaf},
  Language                 = {Deutsch},
  Month                    = {August},
  Organization             = {ZHAW},
  Url                      = {https://ebs.zhaw.ch/files/documents/informatik/Reglemente/Bachelor/Seminararbeit/a_Reglement-Seminar_Studiengang-Informatik_V2.1.docx},
  Year                     = {2012}
}

@Electronic{E:Subramaniam:CreatingDSLinJava,
  Title                    = {Creating a DSL in Java},
  Author                   = {Venkat Subramaniam},
  Language                 = {EN},
  Month                    = {Juni},
  Organization             = {JavaWorld},
  Url                      = {http://www.javaworld.com/article/2077865/core-java/core-java-creating-dsls-in-java-part-1-what-is-a-domain-specific-language.html},
  Year                     = {2008},

  Owner                    = {dani},
  Timestamp                = {2015.05.30}
}

@Electronic{E:tbd,
  Title                    = {tbd},
  Author                   = {tbd},
  Url                      = {http://www.networkworld.com/article/2456421/internet-of-things/a-guide-to-the-confusing-internet-of-things-standards-world.html},

  Owner                    = {dani},
  Timestamp                = {2015.05.11}
}

